<?xml version='1.0' encoding='utf-8'?>
<record xmlns="http://www.loc.gov/MARC21/slim" xmlns:xsi="http://www.w3.org/2001/XMLSchema-instance">
  <leader>^^^^^npcaa2200229za^4500</leader>
  <controlfield tag="001">004284495</controlfield>
  <controlfield tag="005">20021202000000.0</controlfield>
  <controlfield tag="008">021108i1uuu2002xxu^^^^^^^^^^^^^^^^^eng^d</controlfield>
  <datafield tag="035" ind1=" " ind2=" ">
    <subfield code="a">(OCoLC)ocm80715776</subfield>
  </datafield>
  <datafield tag="040" ind1=" " ind2=" ">
    <subfield code="a">MiU-H</subfield>
    <subfield code="c">MiU-H</subfield>
    <subfield code="e">appm</subfield>
  </datafield>
  <datafield tag="100" ind1="1" ind2=" ">
    <subfield code="a">Montgomery, R. Michael.</subfield>
  </datafield>
  <datafield tag="245" ind1="0" ind2="0">
    <subfield code="a">R. Michael Montgomery collection,</subfield>
    <subfield code="f">undated and 1998-2002.</subfield>
  </datafield>
  <datafield tag="300" ind1=" " ind2=" ">
    <subfield code="a">1 folder</subfield>
  </datafield>
  <datafield tag="520" ind1=" " ind2=" ">
    <subfield code="a">Collected music and other materials relating to Louis Elbel and the song that he dedicated to the University of Michigan football team, "The Victors."</subfield>
  </datafield>
  <datafield tag="500" ind1=" " ind2=" ">
    <subfield code="a">Photocopies.</subfield>
  </datafield>
  <datafield tag="500" ind1=" " ind2=" ">
    <subfield code="a">Donor: 7761</subfield>
  </datafield>
  <datafield tag="600" ind1="1" ind2="0">
    <subfield code="a">Elbel, Louis.</subfield>
    <subfield code="t">Victors.</subfield>
  </datafield>
  <datafield tag="700" ind1="1" ind2=" ">
    <subfield code="a">Elbel, Louis.</subfield>
    <subfield code="t">Victors.</subfield>
  </datafield>
  <datafield tag="852" ind1="8" ind2=" ">
    <subfield code="a">MiU-H</subfield>
    <subfield code="b">BENT</subfield>
    <subfield code="h">02148 Ac</subfield>
  </datafield>
  <datafield tag="998" ind1=" " ind2=" ">
    <subfield code="c">TEP</subfield>
  </datafield>
  <datafield tag="955" ind1=" " ind2=" ">
    <subfield code="b">BENT</subfield>
    <subfield code="p">B1804625</subfield>
  </datafield>
</record>
